% Encoding: UTF-8




conference paper with an address and days. Some journals capitalize the
letters in "Globecom", this one did not.
From the May 2002 issue of "IEEE Transactions on Communications",
page 697, reference #12.
@inproceedings{IEEEexample:confwithadddays,
  author        = "M. S. Yee and L. Hanzo",
  title         = "Radial Basis Function Decision Feedback Equaliser
                   Assisted Burst-by-burst Adaptive Modulation",
  booktitle     = "Proc. {IEEE} Globecom '99",
  address       = "Rio de Janeiro, Brazil",
  month         = dec # " 5--9,",
  year          = "1999",
  pages         = "2183-2187"
}

@inproceedings{bortolameotti2017decanter,
  title         = {DECANTeR: DEteCtion of Anomalous outbouNd HTTP TRaffic by Passive Application Fingerprinting},
  author        = {Bortolameotti, Riccardo and van Ede, Thijs and Caselli, Marco and Everts, Maarten H and Hartel, Pieter and Hofstede, Rick and Jonker, Willem and Peter, Andreas},
  booktitle     = {Proceedings of the 33rd Annual Computer Security Applications Conference},
  pages         = {373--386},
  year          = {2017},
  organization  = {ACM}
}

@Comment{jabref-meta: databaseType:biblatex;}
